<?xml version="1.0" encoding="UTF-8"?><collection xmlns="http://www.loc.gov/MARC21/slim"><record><leader>00523nam--2200181-i-4500</leader><controlfield tag="001">000027960</controlfield><controlfield tag="002">20161230</controlfield><controlfield tag="005">20161230201037</controlfield><controlfield tag="008">060222s1000------------r-----000-0-fre-d</controlfield><datafield ind1=" " ind2=" " tag="040"><subfield code="a">IFIN-HH</subfield></datafield><datafield ind1=" " ind2=" " tag="041"><subfield code="a">fre</subfield></datafield><datafield ind1=" " ind2=" " tag="080"><subfield code="a">537.533.3:621.38</subfield></datafield><datafield ind1="1" ind2=" " tag="100"><subfield code="a">Lazar, Catalin</subfield></datafield><datafield ind1="1" ind2="0" tag="245"><subfield code="a">L`effet electro-optique: application a la bistabilite</subfield><subfield code="b">Sous la direction de mr. badr eddine benkelfat</subfield><subfield code="c">Catalin lazar</subfield></datafield><datafield ind1=" " ind2=" " tag="260"><subfield code="a">Limoges</subfield><subfield code="b">Universite</subfield><subfield code="c">1991</subfield></datafield><datafield ind1=" " ind2=" " tag="300"><subfield code="a">85P</subfield></datafield><datafield ind1=" " ind2=" " tag="852"><subfield code="a">79888</subfield><subfield code="c">537.533.3</subfield></datafield><datafield ind1=" " ind2=" " tag="CAT"><subfield code="a">Sys</subfield><subfield code="c">20110901</subfield><subfield code="h">161945</subfield></datafield></record></collection>